%========== 00 LEGGI DI CONSERVAZIONE ==========%

@book{dafermos,
  title={Hyperbolic conservation laws in continuum physics},
  author={Dafermos, Constantine},
  edition={4},
  year={2016},
  publisher={Springer}
}

@book{benzoni-gavage-serre,
  title={Multi-dimensional hyperbolic partial differential equations: First-order systems and applications},
  author={Benzoni-Gavage, Sylvie and Serre, Denis},
  year={2007},
  publisher={Oxford University Press on Demand}
}

@article{bressan,
  title={Sistemi iperbolici di leggi di conservazione},
  author={Bressan, Alberto},
  journal={Bollettino della Unione Matematica Italiana-B},
  number={3},
  pages={635--656},
  year={2000}
}

@book{serre,
  title={Systems of conservation laws 1: Hyperbolicity, entropies, shock waves},
  author={Serre, Denis},
  year={1999},
  publisher={Cambridge University Press}
}

@book{courant-friedrichs,
  title={Supersonic flow and shock waves},
  author={Courant, Richard and Friedrichs, Kurt Otto},
  year={1948},
  address={New York},
  publisher={Wiley-Interscience}
}

@article{hopf,
  title={The partial differential equation $u_t + u u_x = \mu_{xx}$},
  author={Hopf, Eberhard},
  journal={Communications on Pure and Applied mathematics},
  volume={3},
  number={3},
  pages={201--230},
  year={1950},
  publisher={Wiley Online Library}
}

@article{lax,
  title={Hyperbolic systems of conservation laws},
  author={Lax, Peter D},
  journal={Communications on pure and applied mathematics},
  volume={10},
  number={4},
  pages={537--566},
  year={1957},
  publisher={Wiley Online Library}
}


%========== 01 EQUAZIONI DI EULERO ==========%

@incollection{chen-wang,
  title={The Cauchy problem for the Euler equations for compressible fluids},
  author={Chen, Gui-Qiang and Wang, Dehua},
  booktitle={Handbook of mathematical fluid dynamics},
  volume={1},
  pages={421--543},
  year={2002},
  publisher={Elsevier}
}

@article{sideris85,
  title={Formation of singularities in three-dimensional compressible fluids},
  author={Sideris, Thomas C.},
  journal={Communications in mathematical physics},
  volume={101},
  number={4},
  pages={475--485},
  year={1985},
  publisher={Springer}
}

@article{yin,
  title={Formation and construction of a shock wave for 3-D compressible Euler equations with the spherical initial data},
  author={Yin, Huicheng},
  journal={Nagoya Mathematical Journal},
  volume={175},
  pages={125--164},
  year={2004},
  publisher={Cambridge University Press}
}

@article{grassin,
  title={Global smooth solutions to Euler equations for a perfect gas},
  author={Grassin, Magali},
  journal={Indiana University mathematics journal},
  pages={1397--1432},
  year={1998},
  publisher={JSTOR}
}

@article{sideris84,
  title={Formation of singularities in solutions to nonlinear hyperbolic equations},
  author={Sideris, Thomas C.},
  journal={Archive for rational mechanics and analysis},
  volume={86},
  number={4},
  pages={369--381},
  year={1984},
  publisher={Springer}
}

@article{chiodaroli,
  title={A counterexample to well-posedness of entropy solutions to the compressible Euler system},
  author={Chiodaroli, Elisabetta},
  journal={Journal of Hyperbolic Differential Equations},
  volume={11},
  number={03},
  pages={493--519},
  year={2014},
  publisher={World Scientific}
}

%========== 02 TRATTAZIONE NUMERICA ==========%

@book{leveque02,
  title={Finite volume methods for hyperbolic problems},
  author={LeVeque, Randall J. and others},
  volume={31},
  year={2002},
  publisher={Cambridge university press}
}

@book{hesthaven17,
  title={Numerical methods for conservation laws: From analysis to algorithms},
  author={Hesthaven, Jan S.},
  year={2017},
  publisher={SIAM}
}

@book{toro13,
  title={Riemann solvers and numerical methods for fluid dynamics: a practical introduction},
  author={Toro, Eleuterio F.},
  year={2013},
  publisher={Springer Science \& Business Media}
}

@inproceedings{mengaldo14,
  title={A guide to the implementation of boundary conditions in compact high-order methods for compressible aerodynamics},
  author={Mengaldo, Gianmarco and De Grazia, Daniele and Witherden, Freddie and Farrington, Antony and Vincent, Peter and Sherwin, Spencer and Peiro, Joaquim},
  booktitle={7th AIAA Theoretical Fluid Mechanics Conference},
  year={2014}
}

%========== 03 METODI ENO E WENO ==========%

@book{shu97,
  title={Advanced numerical approximation of nonlinear hyperbolic equations},
  author={Cockburn, Bernardo and Johnson, Claes and Shu, Chi-Wang and Tadmor Eitan},
  editor={Quarteroni, Alfio},
  series={Lecture Notes in Mathematics},
  publisher={Springer},
  chapter={4},
  year={1997}
}



