%========== 00 LEGGI DI CONSERVAZIONE ==========%

@book{dafermos,
  title={Hyperbolic conservation laws in continuum physics},
  author={Dafermos, Constantine},
  edition={4},
  year={2016},
  publisher={Springer}
}

@book{benzoni-gavage-serre,
  title={Multi-dimensional hyperbolic partial differential equations: First-order systems and applications},
  author={Benzoni-Gavage, Sylvie and Serre, Denis},
  year={2007},
  publisher={Oxford University Press on Demand}
}

@article{bressan,
  title={Sistemi iperbolici di leggi di conservazione},
  author={Bressan, Alberto},
  journal={Bollettino della Unione Matematica Italiana-B},
  number={3},
  pages={635--656},
  year={2000}
}

@book{serre,
  title={Systems of conservation laws 1: Hyperbolicity, entropies, shock waves},
  author={Serre, Denis},
  year={1999},
  publisher={Cambridge University Press}
}

@book{courant-friedrichs,
  title={Supersonic flow and shock waves},
  author={Courant, Richard and Friedrichs, Kurt Otto},
  year={1948},
  address={New York},
  publisher={Wiley-Interscience}
}

@article{hopf,
  title={The partial differential equation $u_t + u u_x = \mu_{xx}$},
  author={Hopf, Eberhard},
  journal={Communications on Pure and Applied mathematics},
  volume={3},
  number={3},
  pages={201--230},
  year={1950},
  publisher={Wiley Online Library}
}

@article{lax,
  title={Hyperbolic systems of conservation laws},
  author={Lax, Peter D},
  journal={Communications on pure and applied mathematics},
  volume={10},
  number={4},
  pages={537--566},
  year={1957},
  publisher={Wiley Online Library}
}


%========== 01 EQUAZIONI DI EULERO ==========%

@incollection{chen-wang,
  title={The Cauchy problem for the Euler equations for compressible fluids},
  author={Chen, Gui-Qiang and Wang, Dehua},
  booktitle={Handbook of mathematical fluid dynamics},
  volume={1},
  pages={421--543},
  year={2002},
  publisher={Elsevier}
}

@article{sideris85,
  title={Formation of singularities in three-dimensional compressible fluids},
  author={Sideris, Thomas C.},
  journal={Communications in mathematical physics},
  volume={101},
  number={4},
  pages={475--485},
  year={1985},
  publisher={Springer}
}

@article{yin,
  title={Formation and construction of a shock wave for 3-D compressible Euler equations with the spherical initial data},
  author={Yin, Huicheng},
  journal={Nagoya Mathematical Journal},
  volume={175},
  pages={125--164},
  year={2004},
  publisher={Cambridge University Press}
}

@article{grassin,
  title={Global smooth solutions to Euler equations for a perfect gas},
  author={Grassin, Magali},
  journal={Indiana University mathematics journal},
  pages={1397--1432},
  year={1998},
  publisher={JSTOR}
}

@article{sideris84,
  title={Formation of singularities in solutions to nonlinear hyperbolic equations},
  author={Sideris, Thomas C.},
  journal={Archive for rational mechanics and analysis},
  volume={86},
  number={4},
  pages={369--381},
  year={1984},
  publisher={Springer}
}

@article{chiodaroli,
  title={A counterexample to well-posedness of entropy solutions to the compressible Euler system},
  author={Chiodaroli, Elisabetta},
  journal={Journal of Hyperbolic Differential Equations},
  volume={11},
  number={03},
  pages={493--519},
  year={2014},
  publisher={World Scientific}
}

%========== 02 TRATTAZIONE NUMERICA ==========%

@book{leveque02,
  title={Finite volume methods for hyperbolic problems},
  author={LeVeque, Randall J. and others},
  volume={31},
  year={2002},
  publisher={Cambridge university press}
}

@book{hesthaven17,
  title={Numerical methods for conservation laws: From analysis to algorithms},
  author={Hesthaven, Jan S.},
  year={2017},
  publisher={SIAM}
}

@book{toro13,
  title={Riemann solvers and numerical methods for fluid dynamics: a practical introduction},
  author={Toro, Eleuterio F.},
  year={2013},
  publisher={Springer Science \& Business Media}
}

@inproceedings{mengaldo14,
  title={A guide to the implementation of boundary conditions in compact high-order methods for compressible aerodynamics},
  author={Mengaldo, Gianmarco and De Grazia, Daniele and Witherden, Freddie and Farrington, Antony and Vincent, Peter and Sherwin, Spencer and Peiro, Joaquim},
  booktitle={7th AIAA Theoretical Fluid Mechanics Conference},
  year={2014}
}

%========== 03 METODI ENO E WENO ==========%

@book{shu97,
  title={Advanced numerical approximation of nonlinear hyperbolic equations},
  author={Cockburn, Bernardo and Johnson, Claes and Shu, Chi-Wang and Tadmor Eitan},
  editor={Quarteroni, Alfio},
  series={Lecture Notes in Mathematics},
  publisher={Springer},
  chapter={4},
  year={1997}
}

@article{vincent2011facilitating,
  title={Facilitating the adoption of unstructured high-order methods amongst a wider community of fluid dynamicists},
  author={Vincent, Peter E and Jameson, Antony},
  journal={Mathematical Modelling of Natural Phenomena},
  volume={6},
  number={3},
  pages={97--140},
  year={2011},
  publisher={EDP Sciences}
}

@book{toro2013riemann,
  title={Riemann solvers and numerical methods for fluid dynamics: a practical introduction},
  author={Toro, Eleuterio F},
  year={2013},
  publisher={Springer Science \& Business Media}
}

@phdthesis{abgrall1993eno,
  title={ENO schemes on unstructured meshes},
  author={Abgrall, Remi and Lafon, Fr{\'e}d{\'e}ric C},
  year={1993},
  school={INRIA}
}

@book{gottlieb2011strong,
  title={Strong stability preserving Runge-Kutta and multistep time discretizations},
  author={Gottlieb, Sigal and Ketcheson, David I and Shu, Chi-Wang},
  year={2011},
  publisher={World Scientific}
}

%========== CHAPTER 3 ==========%

@article{runchal2013emergence,
  title={Emergence of computational fluid dynamics at Imperial College (1965--1975): A personal recollection},
  author={Runchal, Akshai K},
  journal={Journal of heat transfer},
  volume={135},
  number={1},
  year={2013},
  publisher={American Society of Mechanical Engineers Digital Collection}
}

@book{mcdonald1971computation,
  title={The computation of transonic flow through two-dimensional gas turbine cascades},
  author={McDonald, PW},
  volume={79825},
  year={1971},
  publisher={American Society of Mechanical Engineers}
}

@inproceedings{maccormack1972computational,
  title={Computational efficiency achieved by time splitting of finite difference operators},
  author={MacCormack, Robert and Paullay, Alvin},
  booktitle={10th Aerospace Sciences Meeting},
  pages={154},
  year={1972}
}

@article{scott2000inequalities,
  title={Inequalities for convex sets},
  author={Scott, Paul R and Awyong, Poh Wah},
  journal={Journal of Inequalities in Pure and Applied Mathematics},
  volume={1},
  number={1},
  pages={6},
  year={2000}
}

% ========= CHAPTER 4 =========%

@article{sod1978survey,
  title={A survey of several finite difference methods for systems of nonlinear hyperbolic conservation laws},
  author={Sod, Gary A},
  journal={Journal of computational physics},
  volume={27},
  number={1},
  pages={1--31},
  year={1978},
  publisher={Elsevier}
}

@article{liu1994weighted,
  title={Weighted essentially non-oscillatory schemes},
  author={Liu, Xu-Dong and Osher, Stanley and Chan, Tony},
  journal={Journal of computational physics},
  volume={115},
  number={1},
  pages={200--212},
  year={1994},
  publisher={Elsevier}
}

@article{hu1999weighted,
  title={Weighted essentially non-oscillatory schemes on triangular meshes},
  author={Hu, Changqing and Shu, Chi-Wang},
  journal={Journal of Computational Physics},
  volume={150},
  number={1},
  pages={97--127},
  year={1999},
  publisher={Elsevier}
}

@article{shu2009high,
  title={High order weighted essentially nonoscillatory schemes for convection dominated problems},
  author={Shu, Chi-Wang},
  journal={SIAM review},
  volume={51},
  number={1},
  pages={82--126},
  year={2009},
  publisher={SIAM}
}

@book{hesthaven2017numerical,
  title={Numerical methods for conservation laws: From analysis to algorithms},
  author={Hesthaven, Jan S},
  year={2017},
  publisher={SIAM}
}

@book{cockburn2006advanced,
  title={Advanced numerical approximation of nonlinear hyperbolic equations: lectures given at the 2nd session of the Centro Internazionale Matematico Estivo (CIME) held in Cetraro, Italy, June 23-28, 1997},
  author={Cockburn, Bernardo and Johnson, Claes and Shu, C-W and Tadmor, Eitan},
  year={2006},
  publisher={Springer}
}

@article{liu2013robust,
  title={A robust reconstruction for unstructured WENO schemes},
  author={Liu, Yuan and Zhang, Yong-Tao},
  journal={Journal of Scientific Computing},
  volume={54},
  number={2},
  pages={603--621},
  year={2013},
  publisher={Springer}
}

@article{kaser2005ader,
  title={ADER schemes on adaptive triangular meshes for scalar conservation laws},
  author={K{\"a}ser, Martin and Iske, Armin},
  journal={Journal of Computational Physics},
  volume={205},
  number={2},
  pages={486--508},
  year={2005},
  publisher={Elsevier}
}












